@book{Hemingway1952,
  title={El viejo y el mar},
  author={Hemingway, Ernest},
  year={1952},
  publisher={Charles Scribner's Sons}
}